<record><leader>00000cas a22000007a 4500</leader><controlfield tag="001">21953394</controlfield><controlfield tag="008">900702d18861887nyuwr ne      0    0eng d</controlfield><datafield ind1=" " ind2=" " tag="010"><subfield code="a">sn 90066462 </subfield></datafield><datafield ind1=" " ind2=" " tag="040"><subfield code="a">NYS</subfield><subfield code="b">eng</subfield><subfield code="c">NYS</subfield><subfield code="d">OCLCQ</subfield></datafield><datafield ind1="0" ind2=" " tag="130"><subfield code="a">Owego weekly blade (Owego, N.Y. : 1886)</subfield></datafield><datafield ind1="1" ind2="0" tag="245"><subfield code="a">Owego weekly blade.</subfield></datafield><datafield ind1=" " ind2=" " tag="260"><subfield code="a">Owego, N.Y. :</subfield><subfield code="b">Eugene B. Gere</subfield></datafield><datafield ind1=" " ind2=" " tag="300"><subfield code="a">v.</subfield></datafield><datafield ind1="0" ind2=" " tag="362"><subfield code="a">Vol. 7, no. 10 (Mar. 5, 1886)-v. 8, no. 17 (Apr. 22, 1887).</subfield></datafield><datafield ind1=" " ind2="4" tag="651"><subfield code="a">Owego (N.Y.)</subfield><subfield code="v">Newspapers.</subfield></datafield><datafield ind1=" " ind2=" " tag="752"><subfield code="a">United States</subfield><subfield code="b">New York</subfield><subfield code="c">Tioga</subfield><subfield code="d">Owego.</subfield></datafield><datafield ind1="0" ind2=" " tag="775"><subfield code="t">Owego daily blade</subfield><subfield code="w">(DLC)sn 90066463</subfield><subfield code="w">(OCoLC)21953220</subfield></datafield><datafield ind1="0" ind2="0" tag="780"><subfield code="t">Owego blade</subfield><subfield code="w">(DLC)sn 90066461</subfield><subfield code="w">(OCoLC)21953338</subfield></datafield></record>